@InProceedings{Vitek14,
  title = "The case for the three {R}'s of systems research:
     repeatability, reproducibility and rigor",
  author =  "Jan Vitek",
  booktitle = "VEE",
  booktitle = "10th {ACM} {SIGPLAN}/{SIGOPS} International Conference
     on Virtual Execution Environments, {VEE} '14, Salt Lake
     City, {UT}, {USA}, March 01 - 02, 2014",
  publisher = "ACM",
  year =  "2014",
  pages = "115--116",
}
