

@InProceedings{Assyst,
  author =  "David Jackson and Michelle Usher",
  title = "Grading Student Programs using {ASSYST}",
  pages = "335--339",
  booktitle = "SIGCSE",
  booktitle = "Proceedings of the 28th {SIGCSE} Technical Symposium
     on Computer Science Education ({SIGCSE}-97)",
  publisher = "ACM",
  year =  "1997",
}

 @misc{HelveticaMovie,
  Author = {Hustwit, Gary},
  Title = {Helvetica (film)},
  Year = {2007}}

@Book{HelveticaForever,
  author = "Lars Muller and Victor Malsy",
  title = {Helvetica Forever: Story of a Typeface},
  publisher = {Lars Muller Publishers},
  year = {2007},
  address = {Zurich, Switzerland}
}

@Book{HelveticaHomage,
  author = "Lars Muller",
  title = {Helvetica: Homage to a Typeface},
  publisher = {Lars Muller Publishers},
  year = {2005},
  address = {Zurich, Switzerland}
}

@Book{HelveticaNYC,
  author = "Paul Shaw",
  title = {Helvetica and the New York City Subway System: The True (Maybe) Story},
  publisher = {MIT Press},
  year = {2011},
  address = {Boston, Massachusetts, USA}
}
