@Article{RxCACM,
  title = "Your mouse is a database",
  author =  "Erik Meijer",
  journal = "Commun. ACM",
  year =  "2012",
  number =  "5",
  volume =  "55",
  pages = "66--73",
}

@InProceedings{SymePL11,
  title = "The {F}\# Asynchronous Programming Model",
  author =  "Don Syme and Tomas Petricek and Dmitry Lomov",
  booktitle = "PADL",
  booktitle = "Practical Aspects of Declarative Languages - 13th
     International Symposium, {PADL} 2011, Austin, {TX},
     {USA}, January 24-25, 2011. Proceedings",
  publisher = "Springer",
  year =  "2011",
  volume =  "6539",
  editor =  "Ricardo Rocha and John Launchbury",
  ISBN =  "978-3-642-18377-5",
  pages = "175--189",
  series =  "Lecture Notes in Computer Science",
}

@InProceedings{FormalizingAsync,
  title = "Pause 'n' Play: Formalizing Asynchronous {C}\#",
  author =  "Gavin M. Bierman and Claudio V. Russo and Geoffrey
     Mainland and Erik Meijer and Mads Torgersen",
  bibdate = "2012-07-03",
  booktitle = "ECOOP",
  booktitle = "{ECOOP} 2012 - Object-Oriented Programming - 26th
     European Conference, Beijing, China, June 11-16, 2012.
     Proceedings",
  publisher = "Springer",
  year =  "2012",
  volume =  "7313",
  ISBN =  "978-3-642-31056-0",
  pages = "233--257",
}

@InProceedings{ProkopecMSHO12,
  title = "FlowPools: {A} Lock-Free Deterministic Concurrent
     Dataflow Abstraction",
  author =  "Aleksandar Prokopec and Heather Miller and Tobias
     Schlatter and Philipp Haller and Martin Odersky",
  publisher = "Springer",
  year =  "2012",
  volume =  "7760",
  booktitle = "LCPC",
  editor =  "Hironori Kasahara and Keiji Kimura",
  ISBN =  "978-3-642-37657-3; 978-3-642-37658-0",
  pages = "158--173",
  series =  "Lecture Notes in Computer Science",
}

@MISC{ScalaAsync,
      AUTHOR = "Philipp Haller and Jason Zaugg",
      TITLE = "{Scala Async}",
      HOWPUBLISHED = "\url{https://github.com/scala/async}",
      YEAR = "2013",
}

@MISC{ScalaAsyncSIP,
      AUTHOR = "Philipp Haller and Jason Zaugg",
      TITLE = "{Scala Improvement Proposal 22 - Async}",
      HOWPUBLISHED = "\url{http://docs.scala-lang.org/sips/pending/async.html}",
      YEAR = "2013",
}

@MISC{ScalaFuturesSIP,
      AUTHOR = "Philipp Haller and Aleksandar Prokopec and Heather Miller and Viktor Klang and Roland Kuhn and Vojin Jovanovic",
      TITLE = "{Scala Improvement Proposal 14 - Futures and Promises}",
      HOWPUBLISHED = "\url{http://docs.scala-lang.org/sips/pending/futures-promises.html}",
      YEAR = "2012",
}
