@inproceedings{Spores,
  author    = {Heather Miller and
               Philipp Haller and
               Martin Odersky},
  title     = {Spores: {A} Type-Based Foundation for Closures in the Age of Concurrency
               and Distribution},
  booktitle = {ECOOP},
  pages     = {308--333},
  year      = {2014},
}

@inproceedings{FlumeJava,
  author    = {Craig Chambers and
               Ashish Raniwala and
               Frances Perry and
               Stephen Adams and
               Robert R. Henry and
               Robert Bradshaw and
               Nathan Weizenbaum},
  title     = {FlumeJava: easy, efficient data-parallel pipelines},
  booktitle = {PLDI},
  pages     = {363--375},
  year      = {2010},
}

@inproceedings{ANoteDistComp,
  author    = {Jim Waldo and
               Geoff Wyant and
               Ann Wollrath and
               Samuel C. Kendall},
  title     = {A Note on Distributed Computing},
  booktitle = {MOS},
  pages     = {49--64},
  year      = {1996},
}

@inproceedings{SessionTypes,
  author    = {Kohei Honda and
               Vasco Thudichum Vasconcelos and
               Makoto Kubo},
  title     = {Language Primitives and Type Discipline for Structured Communication-Based
               Programming},
  booktitle = {ESOP},
  pages     = {122--138},
  year      = {1998},
}

@article{AwkwardSquad,
  title={Tackling the Awkward Squad: Monadic Input/Output, Concurrency, Exceptions, and Foreign-Language Calls in Haskell},
  author={Jones, Simon Peyton},
  journal={Engineering Theories of Software Construction},
  pages     = {47--96},
  year={2001}
}