@Article{FoxP12,
  title = "Crossing the software education chasm",
  author =  "Armando Fox and David A. Patterson",
  journal = "Commun. ACM",
  year =  "2012",
  number =  "5",
  volume =  "55",
  pages = "44--49",
}

@InProceedings{VihavainenLK12,
  title = "Multi-faceted support for {MOOC} in programming",
  author =  "Arto Vihavainen and Matti Luukkainen and Jaakko
     Kurhila",
  booktitle = "SIGITE Conference",
  booktitle = "{ACM} Special Interest Group for Information
     Technology Education Conference, {SIGITE}' 12, Calgary,
     {AB}, Canada, October 11 - 13, 2012",
  publisher = "ACM",
  year =  "2012",
  editor =  "Randy W. Connolly and William D. Armitage",
  pages = "171--176",
}

@MISC{Parr13,
      AUTHOR = "Chris Parr",
      TITLE = "Not Staying the Course",
      booktitle = "Times Higher Education",
      HOWPUBLISHED = "\url{http://www.insidehighered.com/news/2013/05/10/new-study-low-mooc-completion-rates}",
      NOTE = "Accessed: 2013-10-21",
}

@MISC{progfun-stats,
      AUTHOR = "LAMP/EPFL",
      TITLE = "progfun-stats project",
      HOWPUBLISHED = "\url{https://github.com/heathermiller/progfun-stats/}",
      NOTE = "Accessed: 2013-10-21",
}

@Book{Odersky-Spoon-Venners07,
  author =  "Martin Odersky and Lex Spoon and Bill Venners",
  title = "Programming in {Scala}",
  publisher = "Artima Press",
  year =  "2007",
  address = "Mountain View, CA",
}

@Book{Abelson85,
  author =  "Harold Abelson and Gerald Jay Sussman and Julie
     Sussman",
  title = "Structure and Interpretation of Computer Programs",
  publisher = "MIT Press",
  address = "Cambridge, Mass.",
  year =  "1985",
  keywords =  "siocp",
}

@MISC{coursera,
      AUTHOR = "Coursera\textregistered",
      TITLE = "",
      HOWPUBLISHED = "\url{https://www.coursera.org}",
      NOTE = "Accessed: 2013-10-23",
}

@InProceedings{Mastery13,
  title = "Self-Driven Mastery in Massive Open Online Courses",
  author =  "Chuong B. Do and Zhenghao Chen and Relly Brandman and Daphne Koller",
  booktitle = "MOOCs FORUM",
  year =  "2013",
  month =  "Sep",
}

@MISC{sbt,
      AUTHOR = "Typesafe",
      TITLE = "sbt",
      HOWPUBLISHED = "\url{http://www.scala-sbt.org/}",
      NOTE = "Accessed: 2013-10-23",
}

@MISC{ScalaStyle,
      AUTHOR = "Matthew Farwell",
      TITLE = "Scalastyle project",
      HOWPUBLISHED = "\url{http://www.scalastyle.org/}",
      NOTE = "Accessed: 2013-10-23",
}

@InProceedings{Ware08,
  title = "Securing {Java} code: heuristics and an evaluation of static analysis tools",
  author =  "Michael S. Ware and Christopher J. Fox",
  booktitle = "Proceedings of the Static Analysis Workshop (SAW'08)",
  year =  "2008",
  month =  "Jun",
}
