@MISC{Avro,
      AUTHOR = "{Apache}",
      TITLE = "{Avro}\textregistered",
      HOWPUBLISHED = "\url{http://avro.apache.org}",
      NOTE = "Accessed: 2013-08-11",
}

@InProceedings{Carpenter1999,
  title = "Object Serialization for Marshalling Data in a {Java} Interface to {MPI}",
  author =  "Bryan Carpenter and Geoffrey Fox and Sung Hoon Ko and Sang Lim",
  year =  "1999",
  booktitle = "Java Grande",
  pages = "66--71",
  doi = "10.1145/304065.304099",
}

@Article{DeanG08,
  title = "{MapReduce}: simplified data processing on large
     clusters",
  author =  "Jeffrey Dean and Sanjay Ghemawat",
  journal = "Commun. ACM",
  year =  "2008",
  number =  "1",
  volume =  "51",
  pages = "107--113",
  doi = "10.1145/1327452.1327492",
}

@inproceedings{CloudHaskell,
 author = {Epstein, Jeff and Black, Andrew P. and Peyton-Jones, Simon},
 title = {Towards {Haskell} in the Cloud},
 booktitle = {Proc. Haskell Symposium},
 year = {2011},
 location = {Tokyo, Japan},
 pages = {118--129},
 numpages = {12},
 publisher = {ACM},
 doi = {10.1145/2034675.2034690},
}

@InProceedings{Termite,
  title = "Concurrency oriented programming in {Termite Scheme}",
  author =  "Guillaume Germain",
  booktitle = "Erlang Workshop",
  booktitle = "Proceedings of the 2006 {ACM} {SIGPLAN} Workshop on
     Erlang, Portland, Oregon, {USA}, September 16, 2006",
  year =  "2006",
  doi = "10.1145/1159789.1159795",
}

@InProceedings{HerhutHSS13,
  title = "River trail: a path to parallelism in {JavaScript}",
  author =  "Stephan Herhut and Richard L. Hudson and Tatiana
     Shpeisman and Jaswanth Sreeram",
  booktitle = "OOPSLA",
  booktitle = "Proceedings of the 2013 {ACM} {SIGPLAN} International
     Conference on Object Oriented Programming Systems
     Languages \& Applications, {OOPSLA} 2013, part of
     {SPLASH} 2013, Indianapolis, {IN}, {USA}, October
     26-31, 2013",
  year =  "2013",
  pages = "729--744",
  doi = "10.1145/2509136.2509516",
}

@Article{Lammel08,
  title = "Google's {MapReduce} programming model - Revisited",
  author =  "Ralf L{\"a}mmel",
  journal = "Sci. Comput. Program",
  year =  "2008",
  number =  "1",
  volume =  "70",
  pages = "1--30",
  doi = "10.1016/j.scico.2007.07.001",
}

@InProceedings{Maassen1999,
  author =  "Jason Maassen and Rob van Nieuwpoort and Ronald Veldema and Henri E. Bal and Aske Plaat",
  title = "An efficient implementation of {Java}'s remote method invocation",
  booktitle = "PPOPP",
  pages = "173--182",
  month = aug,
  year =  "1999",
  doi = "10.1145/301104.301120",
}

@inproceedings{ParallelClosures,
 author = {Matsakis, Nicholas D.},
 title = {Parallel closures: a new twist on an old idea},
 booktitle = {HotPar},
 year = {2012},
 publisher = {USENIX},
}

@Article{Meijer12,
  title = "Your mouse is a database",
  author =  "Erik Meijer",
  journal = "Commun. ACM",
  year =  "2012",
  number =  "5",
  volume =  "55",
  pages = "66--73",
  doi = "10.1145/2160718.2160735",
}

@InProceedings{MillerHBO13,
  title = "Instant pickles: generating object-oriented pickler
     combinators for fast and extensible serialization",
  author =  "Heather Miller and Philipp Haller and Eugene Burmako
     and Martin Odersky",
  booktitle = "OOPSLA",
  booktitle = "Proceedings of the 2013 {ACM} {SIGPLAN} International
     Conference on Object Oriented Programming Systems
     Languages \& Applications, {OOPSLA} 2013, part of
     {SPLASH} 2013, Indianapolis, {IN}, {USA}, October
     26-31, 2013",
  publisher = "ACM",
  year =  "2013",
  doi = "10.1145/2509136.2509547",
}

@InProceedings{MillerHO14,
  title = "Spores: {A} Type-Based Foundation for Closures in the
     Age of Concurrency and Distribution",
  author =  "Heather Miller and Philipp Haller and Martin Odersky",
  booktitle = "ECOOP",
  booktitle = "{ECOOP} 2014 - Object-Oriented Programming - 28th
     European Conference, Uppsala, Sweden, July 28 - August
     1, 2014. Proceedings",
  publisher = "Springer",
  year =  "2014",
  pages = "308--333",
  doi = "10.1007/978-3-662-44202-9\_13",
}

@MISC{Kryo,
      AUTHOR = "{Nathan Sweet et al.}",
      TITLE = "{Kryo}",
      HOWPUBLISHED = "\url{https://code.google.com/p/kryo/}",
      NOTE = "Accessed: 2013-08-11",
}

@Article{Philippsen2000,
  title = "More efficient serialization and {RMI} for {Java}",
  author =  "Michael Philippsen and Bernhard Haumacher and Christian Nester",
  journal = "Concurrency - Practice and Experience",
  year =  "2000",
  number =  "7",
  volume =  "12",
  pages = "495--518",
  doi = "10.1002/1096-9128(200005)12:7<495::AID-CPE496>3.0.CO;2-W",
}

@MISC{Akka,
      AUTHOR = "Typesafe",
      TITLE = "{Akka}",
      HOWPUBLISHED = "\url{http://akka.io/}",
      YEAR = "2009",
      NOTE = "Accessed: 2013-08-11",
}

@Article{Welsh2000,
  title = "Jaguar: enabling efficient communication and {I}/{O} in {Java}",
  author =  "Matt Welsh and David E. Culler",
  journal = "Concurrency - Practice and Experience",
  year =  "2000",
  number =  "7",
  volume =  "12",
  doi = "10.1002/1096-9128(200005)12:7<519::AID-CPE497>3.0.CO;2-M",
}

@InProceedings{Zaharia2012,
  title = "Resilient Distributed Datasets: A Fault-Tolerant Abstraction for In-Memory Cluster Computing",
  author =  "Matei Zaharia and Mosharaf Chowdhury and Tathagata Das and Ankur Dave and Murphy McCauley and Michael Franklin and Scott Shenker and Ion Stoica",
  booktitle = "NSDI",
  publisher = "USENIX",
  year =  "2012",
}
