@inproceedings{ComparingGPHaskellRodriquez,
 author = {Rodriguez, Alexey and Jeuring, Johan and Jansson, Patrik and Gerdes, Alex and Kiselyov, Oleg and Oliveira, Bruno C. d. S.},
 title = {Comparing Libraries for Generic Programming in Haskell},
 booktitle = {Proceedings of the First ACM SIGPLAN Symposium on Haskell},
 series = {Haskell '08},
 year = {2008},
 isbn = {978-1-60558-064-7},
 location = {Victoria, BC, Canada},
 pages = {111--122},
 numpages = {12},
 url = {http://doi.acm.org/10.1145/1411286.1411301},
 doi = {10.1145/1411286.1411301},
 acmid = {1411301},
 publisher = {ACM},
 address = {New York, NY, USA},
 keywords = {datatype-generic programming, libraries comparison},
}

@incollection{ComparingGPHaskellHinze,
  title = "Comparing Approaches to Generic Programming in Haskell",
  author = "Hinze, Ralf and Jeuring, Johan and Loeh, Andres",
  year = "2007",
  affiliation = "Institut für Informatik III, Universität Bonn, Römerstraße 164, 53117 Bonn Germany",
  booktitle = "Datatype-Generic Programming",
  editor = "Backhouse, Roland and Gibbons, Jeremy and Hinze, Ralf and Jeuring, Johan",
  location = "Nottingham, UK",
  pages = "72-149",
  publisher = "Springer Berlin / Heidelberg",
  series = "Lecture Notes in Computer Science",
  volume = "4719",
  doi = "10.1007/978-3-540-76786-2\_2",
}

@article{ScalaGenericProgrammers,
  title = "Scala for Generic Programmers",
  author = "Bruno C. d. S. Oliveira and Jeremy Gibbons",
  year = "2010",
  journal = "Journal of Functional Programming",
  number = "3,4",
  pages = "303-352",
  volume = "20",
  doi = "10.1017/S0956796810000171",
}

@inproceedings{RepLib,
 author = {Weirich, Stephanie},
 title = {RepLib: A Library for Derivable Type Classes},
 booktitle = {Proceedings of the 2006 ACM SIGPLAN Workshop on Haskell},
 series = {Haskell '06},
 year = {2006},
 isbn = {1-59593-489-8},
 location = {Portland, Oregon, USA},
 pages = {1--12},
 numpages = {12},
 url = {http://doi.acm.org/10.1145/1159842.1159844},
 doi = {10.1145/1159842.1159844},
 acmid = {1159844},
 publisher = {ACM},
 address = {New York, NY, USA},
 keywords = {GADT, datatype-generic programming, representation types, type-indexed programming},
}

@inproceedings{OOGP,
 author = {Chadwick, Bryan and Lieberherr, Karl},
 title = {Weaving Generic Programming and Traversal Performance},
 booktitle = {Proceedings of the 9th International Conference on Aspect-Oriented Software Development},
 series = {AOSD '10},
 year = {2010},
 isbn = {978-1-60558-958-9},
 location = {Rennes and Saint-Malo, France},
 pages = {61--72},
 numpages = {12},
 url = {http://doi.acm.org/10.1145/1739230.1739238},
 doi = {10.1145/1739230.1739238},
 acmid = {1739238},
 publisher = {ACM},
 address = {New York, NY, USA},
}