@inproceedings{Ousterhout,
  title={Making sense of performance in data analytics frameworks},
  author={Ousterhout, Kay and Rasti, Ryan and Ratnasamy, Sylvia and Shenker, Scott and Chun, Byung-Gon},
  booktitle={12th USENIX Symposium on Networked Systems Design and Implementation (NSDI 15)},
  pages={293--307},
  year={2015}
}

@techreport{FPTechReport,
  title={The Function Passing Model: Types, Proofs, and Semantics},
  author={Haller, Philipp and Müller, Normen and Miller, Heather},
  number={EPFL-REPORT-221395},
  month={May},
  year={2016},
  institution={EPFL}
}

@InProceedings{Haller10,
  title =	"Capabilities for Uniqueness and Borrowing",
  author =	"Philipp Haller and Martin Odersky",
  booktitle =	"ECOOP",
  booktitle =	"{ECOOP} 2010 - Object-Oriented Programming, 24th
		 European Conference, Maribor, Slovenia, June 21-25,
		 2010. Proceedings",
  publisher =	"Springer",
  year = 	"2010",
  pages =	"354--378",
}

@InProceedings{Haller16,
  title =	"{LaCasa}: Lightweight Affinity and Object Capabilities in {Scala}",
  author =	"Philipp Haller and Alexandre Loiko",
  booktitle =	"OOPSLA",
  booktitle =	"Proceedings of the 2016 {ACM} {SIGPLAN} International
		 Conference on Object Oriented Programming Systems
		 Languages \& Applications, {OOPSLA} 2016",
  publisher =	"ACM",
  year = 	"2016",
  note =        "to appear",
}

@inproceedings{MBrace,
  author    = {Jan Dzik and
               Nick Palladinos and
               Konstantinos Rontogiannis and
               Eirik Tsarpalis and
               Nikolaos Vathis},
  title     = {{MBrace}: Cloud computing with monads},
  booktitle = {{PLOS} 2013, Farmington, Pennsylvania, USA, November 3-6, 2013},
  pages     = {7:1--7:6},
  year      = {2013},
}

@article{Futures,
  title={Futures and promises},
  author={Haller, Philipp and Prokopec, Aleksandar and Miller, Heather and Klang, Viktor and Kuhn, Roland and Jovanovic, Vojin},
  journal={\url{http://docs.scala-lang.org/overviews/core/futures.html}},
  year      = {2012},
}


@article{Lineage2,
  author    = {James Cheney and
               Laura Chiticariu and
               Wang Chiew Tan},
  title     = {Provenance in Databases: Why, How, and Where},
  journal   = {Foundations and Trends in Databases},
  volume    = {1},
  number    = {4},
  pages     = {379--474},
  year      = {2009},
}

@article{Lineage1,
  author    = {Rajendra Bose and
               James Frew},
  title     = {Lineage retrieval for scientific data processing: a survey},
  journal   = {{ACM} Comput. Surv.},
  volume    = {37},
  number    = {1},
  pages     = {1--28},
  year      = {2005},
}

@inproceedings{RiverTrail,
  author    = {Stephan Herhut and
               Richard L. Hudson and
               Tatiana Shpeisman and
               Jaswanth Sreeram},
  title     = {River trail: a path to parallelism in {JavaScript}},
  booktitle = {OOPSLA},
  pages     = {729--744},
  year      = {2013},
}

@inproceedings{ParallelClosures,
  author    = {Nicholas D. Matsakis},
  title     = {Parallel Closures: {A} New Twist on an Old Idea},
  booktitle = {HotPar},
  year      = {2012},
}

@InProceedings{TermiteScheme,
  title =	"Concurrency Oriented Programming in {Termite} {Scheme}",
  author =	"Guillaume Germain and Marc Feeley and Stefan Monnier",
  booktitle =	"workshop on Scheme and Functional Programming",
  publisher =	"ACM",
  year = 	"2006",
}

@misc{Hadoop,
  author = {Apache},
  title = {Hadoop},
  year = {2015},
  howpublished = {\url{http://hadoop.apache.org/}},
}

@misc{Protobuf,
  author = {Google},
  title = {Protocol Buffers},
  year = {2015},
  publisher = {GitHub},
  journal = {GitHub repository},
  howpublished = {\url{https://github.com/google/protobuf/}},
}

@article{Jaguar,
  author    = {Matt Welsh and
               David E. Culler},
  title     = {Jaguar: enabling efficient communication and {I/O} in Java},
  journal   = {Concurrency - Practice and Experience},
  volume    = {12},
  number    = {7},
  pages     = {519--538},
  year      = {2000},
}

@article{MoreEfficientJavaRMI,
  author    = {Michael Philippsen and
               Bernhard Haumacher and
               Christian Nester},
  title     = {More efficient serialization and {RMI} for Java},
  journal   = {Concurrency - Practice and Experience},
  volume    = {12},
  number    = {7},
  pages     = {495--518},
  year      = {2000},
}

@inproceedings{JavaRMI,
  author    = {Jason Maassen and
               Rob van Nieuwpoort and
               Ronald Veldema and
               Henri E. Bal and
               Aske Plaat},
  title     = {An Efficient Implementation of Java's Remote Method Invocation},
  booktitle = {PPoPP},
  pages     = {173--182},
  year      = {1999},
}

@inproceedings{JavaSerialization,
  author    = {Bryan Carpenter and
               Geoffrey Fox and
               Sung Hoon Ko and
               Sang Lim},
  title     = {Object Serialization for Marshalling Data in a Java Interface to {MPI}},
  booktitle = {Java Grande},
  pages     = {66--71},
  year      = {1999},
}

@inproceedings{Pickling,
  author    = {Heather Miller and
               Philipp Haller and
               Eugene Burmako and
               Martin Odersky},
  title     = {Instant pickles: Generating object-oriented pickler combinators for
               fast and extensible serialization},
  booktitle = {OOPSLA},
  pages     = {183--202},
  year      = {2013},
}

@misc{Kryo,
  author = {Nathan Sweet},
  title = {Kryo},
  year = {2015},
  publisher = {GitHub},
  journal = {GitHub repository},
  howpublished = {\url{https://github.com/EsotericSoftware/kryo}},
}

@misc{Akka,
  author = {Typesafe},
  title = {Akka},
  year = {2015},
  howpublished = {\url{http://akka.io/}},
}

@misc{Avro,
  author = {Apache},
  title = {Avro},
  year = {2015},
  howpublished = {\url{http://avro.apache.org/}},
}

@inproceedings{Tom7,
  author    = {Tom {Murphy VII} and
               Karl Crary and
               Robert Harper},
  title     = {Type-Safe Distributed Programming with {ML5}},
  booktitle = {TGC},
  pages     = {108--123},
  year      = {2007},
}

@inproceedings{Thorn,
  author    = {Bard Bloom and
               John Field and
               Nathaniel Nystrom and
               Johan {\"{O}}stlund and
               Gregor Richards and
               Rok Strnisa and
               Jan Vitek and
               Tobias Wrigstad},
  title     = {Thorn: robust, concurrent, extensible scripting on the {JVM}},
  booktitle = {OOPSLA},
  pages     = {117--136},
  year      = {2009},
}

@inproceedings{ConcurrentHaskell,
 author = {Peyton Jones, Simon and Gordon, Andrew and Finne, Sigbjorn},
 title = {Concurrent {Haskell}},
 booktitle = {POPL},
 year = {1996},
 location = {St. Petersburg Beach, Florida, USA},
 pages = {295--308},
 numpages = {14},
}

@book{TAPL,
  author    = {Benjamin C. Pierce},
  title     = {Types and programming languages},
  publisher = {{MIT} Press},
  year      = {2002},
}

@misc{Kafka,
  author = {LinkedIn},
  title = {Apachke Kafka},
  year = {2015},
  publisher = {GitHub},
  journal = {GitHub repository},
  howpublished = {\url{https://github.com/apache/kafka}},
}

@misc{Scoobi,
  author = {NICTA},
  title = {Scoobi},
  year = {2015},
  publisher = {GitHub},
  journal = {GitHub repository},
  howpublished = {\url{https://github.com/nicta/scoobi}},
}

@misc{Scalding,
  author = {Twitter},
  title = {Scalding},
  year = {2015},
  publisher = {GitHub},
  journal = {GitHub repository},
  howpublished = {\url{https://github.com/twitter/scalding}},
}

@inproceedings{Clojure,
  title={The {Clojure} programming language},
  author={Hickey, Rich},
  booktitle={DLS},
  year={2008},
  organization={ACM}
}

@phdthesis{ELang,
  title={Robust composition: towards a unified approach to access control and concurrency control},
  author={Miller, Mark Samuel and Shapiro, Jonathan S},
  year={2006},
  school={Johns Hopkins University}
}

@inproceedings{AmbientTalk,
  title={Ambient-oriented programming in ambienttalk},
  author={Dedecker, Jessie and Van Cutsem, Tom and Mostinckx, Stijn and D’Hondt, Theo and De Meuter, Wolfgang},
  booktitle={ECOOP},
  pages={230--254},
  year={2006},
  publisher={Springer}
}

@inproceedings{DistOCaml,
  title={Type-safe distributed programming for {OCaml}},
  author={Billings, John and Sewell, Peter and Shinwell, Mark and Strni{\v{s}}a, Rok},
  booktitle={Proceedings of the 2006 workshop on ML},
  pages={20--31},
  year={2006},
  organization={ACM}
}

@Article{AcuteML,
  title =	"Acute: High-level programming language design for
		 distributed computation",
  author =	"Peter Sewell and James J. Leifer and Keith Wansbrough
		 and Francesco Zappa Nardelli and Mair Allen-Williams
		 and Pierre Habouzit and Viktor Vafeiadis",
  journal =	"J. Funct. Program",
  year = 	"2007",
  number =	"4-5",
  volume =	"17",
  pages =	"547--612",
}

@article{AliceML,
  title={Alice through the looking glass.},
  author={Rossberg, Andreas and Le Botlan, Didier and Tack, Guido and Brunklaus, Thorsten and Smolka, Gert},
  journal={Trends in Functional Programming},
  volume={5},
  pages={79--96},
  year={2004}
}

@inproceedings{CloudHaskell,
  author    = {Jeff Epstein and
               Andrew P. Black and
               Simon L. Peyton Jones},
  title     = {Towards {Haskell} in the cloud},
  booktitle = {Haskell Symposium},
  pages     = {118--129},
  year      = {2011},
}

@article{ScalaActors,
  title={Scala {Actors}: Unifying thread-based and event-based programming},
  author={Haller, Philipp and Odersky, Martin},
  journal={Theoretical Computer Science},
  volume={410},
  number={2},
  pages={202--220},
  year={2009},
  publisher={Elsevier}
}

@Book{Actors,
  author =	"Gul A. Agha",
  title =	"{ACTORS}: {A} Model of Concurrent Computation in
		 Distributed Systems",
  publisher =	"MIT Press",
  address =	"Cambridge, MA",
  year = 	"1986",
}

@InProceedings{TypedActors,
  title =	"Typecasting actors: From {Akka} to {TAkka}",
  author =	"Jiansen He and Philip Wadler and Philip W. Trinder",
  booktitle =	"SCALA@ECOOP",
  booktitle =	"Proceedings of the Fifth Annual Scala Workshop,
		 {SCALA}@{ECOOP} 2014, Uppsala, Sweden, July 28-29,
		 2014",
  publisher =	"ACM",
  year = 	"2014",
  pages =	"23--33",
}

@article{MapReduce,
  author    = {Jeffrey Dean and
               Sanjay Ghemawat},
  title     = {{MapReduce}: Simplified data processing on large clusters},
  journal   = {Commun. {ACM}},
  volume    = {51},
  number    = {1},
  pages     = {107--113},
  year      = {2008},
}

@inproceedings{Dryad,
  author    = {Michael Isard and
               Mihai Budiu and
               Yuan Yu and
               Andrew Birrell and
               Dennis Fetterly},
  title     = {Dryad: distributed data-parallel programs from sequential building
               blocks},
  booktitle = {EuroSys},
  pages     = {59--72},
  year      = {2007},
}

@inproceedings{Spark,
  author    = {Matei Zaharia and
               Mosharaf Chowdhury and
               Tathagata Das and
               Ankur Dave and
               Justin Ma and
               Murphy McCauly and
               Michael J. Franklin and
               Scott Shenker and
               Ion Stoica},
  title     = {Resilient Distributed Datasets: {A} Fault-Tolerant Abstraction for
               In-Memory Cluster Computing},
  booktitle = {NSDI},
  pages     = {15--28},
  year      = {2012},
}

@inproceedings{Spores,
  author    = {Heather Miller and
               Philipp Haller and
               Martin Odersky},
  title     = {Spores: {A} Type-Based Foundation for Closures in the Age of Concurrency
               and Distribution},
  booktitle = {ECOOP},
  pages     = {308--333},
  year      = {2014},
}

@inproceedings{FlumeJava,
  author    = {Craig Chambers and
               Ashish Raniwala and
               Frances Perry and
               Stephen Adams and
               Robert R. Henry and
               Robert Bradshaw and
               Nathan Weizenbaum},
  title     = {{FlumeJava}: easy, efficient data-parallel pipelines},
  booktitle = {PLDI},
  pages     = {363--375},
  year      = {2010},
}

@InProceedings{ANoteDistComp,
  title =	"A Note on Distributed Computing",
  author =	"Jim Waldo and Geoff Wyant and Ann Wollrath and Samuel
		 C. Kendall",
  publisher =	"Springer",
  year = 	"1996",
  booktitle =	"Mobile Object Systems",
  pages =	"49--64",
}

@inproceedings{SessionTypes,
  author    = {Kohei Honda and
               Vasco Thudichum Vasconcelos and
               Makoto Kubo},
  title     = {Language Primitives and Type Discipline for Structured Communication-Based
               Programming},
  booktitle = {ESOP},
  pages     = {122--138},
  year      = {1998},
}

@article{AwkwardSquad,
  title={Tackling the Awkward Squad: Monadic Input/Output, Concurrency, Exceptions, and Foreign-Language Calls in Haskell},
  author={Jones, Simon Peyton},
  journal={Engineering Theories of Software Construction},
  pages     = {47--96},
  year={2001}
}