@inproceedings{HOTPickles,
  author    = {Andreas Rossberg and
               Guido Tack and
               Leif Kornstaedt},
  title     = {Status report: {HOT} pickles, and how to serve them},
  booktitle = {ML},
  year      = {2007},
  pages     = {25-36},
}

@article{EveryBitCounts,
 author = {Vytiniotis, Dimitrios and Kennedy, Andrew J.},
 title = {Functional pearl: every bit counts},
 journal = {SIGPLAN Not.},
 volume = {45},
 number = {9},
 month = sep,
 year = {2010},
 pages = {15--26},
}

@TECHREPORT{Quasiquotes,
  AUTHOR =        "Denys Shabalin and Eugene Burmako and Martin Odersky",
  TITLE =         "{Quasiquotes for Scala}",
  NUMBER =        "EPFL-REPORT-185242",
  INSTITUTION =   "EPFL, Switzerland",
  YEAR  =         "2013",
}

@MISC{Roslyn,
      AUTHOR = "Karen Ng and Matt Warren and Peter Golde and Anders Hejlsberg",
      TITLE = "The {Roslyn} Project: Exposing the {C\#} and {VB} compiler’s code analysis",
      HOWPUBLISHED = "\url{http://msdn.microsoft.com/en-gb/hh500769}",
      MONTH = sep,
      YEAR = "2012",
      NOTE = "Accessed: 2013-08-11",
}

@InProceedings{Burmako2012,
  title = "Scala Macros, a Technical Report",
  author =  "Eugene Burmako and Martin Odersky",
  booktitle = "Third International Valentin Turchin Workshop on Metacomputation",
  year =  "2012",
}

@InProceedings{Zaharia2012,
  title = "Resilient Distributed Datasets: A Fault-Tolerant Abstraction for In-Memory Cluster Computing",
  author =  "Matei Zaharia and Mosharaf Chowdhury and Tathagata Das and Ankur Dave and Murphy McCauley and Michael Franklin and Scott Shenker and Ion Stoica",
  booktitle = "NSDI",
  publisher = "USENIX",
  year =  "2012",
}

@PhdThesis{Dubochet2011,
  title  = "Embedded Domain-Specific Languages using Libraries and Dynamic Metaprogramming",
  author =  "Gilles Dubochet",
  year   =  "2011",
  school =  "EPFL, Switzerland",
}

@InProceedings{Oliveira2010,
  title = "Type classes as objects and implicits",
  author =  "Bruno C. d. S. Oliveira and Adriaan Moors and Martin Odersky",
  booktitle = "OOPSLA",
  year =  "2010",
  pages = "341--360",
}

@InProceedings{Armbrust2009,
  title = "{SCADS}: Scale-Independent Storage for Social Computing Applications",
  author =  "Michael Armbrust and Armando Fox and David A. Patterson and Nick Lanham and Beth Trushkowsky and Jesse Trutna and Haruki Oh",
  year =  "2009",
  bibdate = "2009-02-17",
  booktitle = "CIDR",
}

@InProceedings{Gil2008,
  title = "Whiteoak: introducing structural typing into {Java}",
  author =  "Joseph Gil and Itay Maman",
  booktitle = "OOPSLA",
  year =  "2008",
  editor =  "Gail E. Harris",
  pages = "73--90",
}

@Book{Odersky2007,
  author =  "Martin Odersky and Lex Spoon and Bill Venners",
  title = "Programming in {Scala}",
  publisher = "Artima Press",
  year =  "2007",
  address = "Mountain View, CA",
}

@phdthesis{Rossberg2007,
  author    = {Andreas Rossberg},
  title     = {Typed open programming: a higher-order, typed approach to dynamic modularity and distribution},
  school =  "Saarland University",
  year      = {2007},
}

@article{Tack2006,
  author    = {Guido Tack and Leif Kornstaedt and Gert Smolka},
  title     = {Generic Pickling and Minimization},
  journal   = {Electr. Notes Theor. Comput. Sci.},
  volume    = {148},
  number    = {2},
  year      = {2006},
  pages     = {79-103},
}

@inproceedings{Elsman2005,
  author    = {Martin Elsman},
  title     = {Type-specialized serialization with sharing},
  booktitle = {Trends in Functional Programming},
  year      = {2005},
  pages     = {47-62},
}

@InProceedings{Odersky2005,
  title = "Scalable component abstractions",
  author =  "Martin Odersky and Matthias Zenger",
  booktitle = "OOPSLA",
  booktitle = "Proceedings of the 20th Annual {ACM} {SIGPLAN}
     Conference on Object-Oriented Programming, Systems,
     Languages, and Applications, {OOPSLA} 2005, October
     16-20, 2005, San Diego, {CA}, {USA}",
  year =  "2005",
  editor =  "Ralph E. Johnson and Richard P. Gabriel",
  pages = "41--57",
}

@article{Kennedy2004,
  author    = {Andrew Kennedy},
  title     = {Pickler combinators},
  journal   = {J. Funct. Program.},
  volume    = {14},
  number    = {6},
  year      = {2004},
  pages     = {727-739},
}

@inproceedings{Lammel2004,
  author    = {Ralf L{\"a}mmel and Simon L. Peyton Jones},
  title     = {Scrap more boilerplate: reflection, zips, and generalised casts},
  booktitle = {ICFP},
  year      = {2004},
  pages     = {244-255},
}

@Article{Philippsen2000,
  title = "More efficient serialization and {RMI} for {Java}",
  author =  "Michael Philippsen and Bernhard Haumacher and Christian Nester",
  journal = "Concurrency - Practice and Experience",
  year =  "2000",
  number =  "7",
  volume =  "12",
  pages = "495--518",
}

@Article{Welsh2000,
  title = "Jaguar: enabling efficient communication and {I}/{O} in {Java}",
  author =  "Matt Welsh and David E. Culler",
  journal = "Concurrency - Practice and Experience",
  year =  "2000",
  number =  "7",
  volume =  "12",
}

@InProceedings{Maassen1999,
  author =  "Jason Maassen and Rob van Nieuwpoort and Ronald Veldema and Henri E. Bal and Aske Plaat",
  title = "An efficient implementation of {Java}'s remote method invocation",
  booktitle = "PPOPP",
  pages = "173--182",
  month = aug,
  year =  "1999",
}

@InProceedings{Carpenter1999,
  title = "Object Serialization for Marshalling Data in a {Java} Interface to {MPI}",
  author =  "Bryan Carpenter and Geoffrey Fox and Sung Hoon Ko and Sang Lim",
  year =  "1999",
  booktitle = "Java Grande",
  pages = "66--71",
}

@Book{Gamma1995,
  author =  "Erich Gamma and Richard Helm and Ralph Johnson and John Vlissides",
  title = "Design Patterns: Elements of Reusable Object-Oriented Software",
  publisher = "Addison-Wesley",
  year =  "1995",
}

@MISC{JavaSerialization,
      AUTHOR = "{Oracle, Inc.}",
      TITLE = "{Java Object Serialization Specification}",
      HOWPUBLISHED = "\url{http://docs.oracle.com/javase/7/docs/platform/serialization/spec/serialTOC.html}",
      YEAR = "2011",
      NOTE = "Accessed: 2013-08-11",
}

@MISC{ScalaSpec,
      AUTHOR = "Martin Odersky",
      TITLE = "{Scala Language Specification}",
      HOWPUBLISHED = "\url{http://www.scala-lang.org/files/archive/nightly/pdfs/ScalaReference.pdf}",
      YEAR = "2013",
      NOTE = "Accessed: 2013-08-11",
}

@MISC{JDK7,
      AUTHOR = "{Oracle, Inc.}",
      TITLE = "{Java SE Development Kit 7}",
      HOWPUBLISHED = "\url{http://openjdk.java.net}",
      YEAR = "2011",
}

@MISC{Avro,
      AUTHOR = "{Apache}",
      TITLE = "{Avro}\textregistered",
      HOWPUBLISHED = "\url{http://avro.apache.org}",
      NOTE = "Accessed: 2013-08-11",
}

@MISC{Protobuf,
      AUTHOR = "{Google}",
      TITLE = "{Protocol Buffers}",
      HOWPUBLISHED = "\url{https://code.google.com/p/protobuf/}",
      YEAR = "2008",
      NOTE = "Accessed: 2013-08-11",
}

@MISC{Kryo,
      AUTHOR = "{Nathan Sweet et al.}",
      TITLE = "{Kryo}",
      HOWPUBLISHED = "\url{https://code.google.com/p/kryo/}",
      NOTE = "Accessed: 2013-08-11",
}

@MISC{Akka,
      AUTHOR = "Typesafe",
      TITLE = "{Akka}",
      HOWPUBLISHED = "\url{http://akka.io/}",
      YEAR = "2009",
      NOTE = "Accessed: 2013-08-11",
}

@MISC{Storm,
      AUTHOR = "{Nathan Marz and James Xu and Jason Jackson et al.}",
      TITLE = "{Storm}",
      HOWPUBLISHED = "\url{http://storm-project.net/}",
      YEAR = "2012",
      NOTE = "Accessed: 2013-08-11",
}

@MISC{TwitterChill,
      AUTHOR = "{Oscar Boykin and Mike Gagnon and Sam Ritchie}",
      TITLE = "{Twitter Chill}",
      HOWPUBLISHED = "\url{https://github.com/twitter/chill}",
      YEAR = "2012",
      NOTE = "Accessed: 2013-08-11",
}

@MISC{GeoTrellis,
      AUTHOR = "{Azavea}",
      TITLE = "{GeoTrellis}",
      HOWPUBLISHED = "\url{http://www.azavea.com/products/geotrellis/}",
      YEAR = "2010",
      NOTE = "Accessed: 2013-08-11",
}

@MastersThesis{Nemerle,
    author    =     {Kamil Skalski},
    title     =     {Syntax-extending and type-reﬂecting macros in an object-oriented language},
    school    =     {University of Warsaw},
    address   =     {Poland},
    year      =     {2005},
}

@Article{HerlihyL82,
  title =	"A Value Transmission Method for Abstract Data Types",
  author =	"Maurice Herlihy and Barbara Liskov",
  journal =	"ACM Trans. Program. Lang. Syst",
  year = 	"1982",
  number =	"4",
  volume =	"4",
  pages =	"527--551",
}

@InProceedings{CardelliDJKN89,
  title =	"The Modula-3 Type System",
  author =	"Luca Cardelli and James E. Donahue and Mick J. Jordan
		 and Bill Kalsow and Greg Nelson",
  year = 	"1989",
  booktitle =	"POPL",
  pages =	"202--212",
}

@InProceedings{Rossum07,
  title =	"Python Programming Language",
  author =	"Guido van Rossum",
  publisher =	"USENIX",
  year = 	"2007",
  booktitle =	"USENIX Annual Technical Conference",
}

@Article{WehrT11,
  title =	"Java{GI}: The Interaction of Type Classes with
		 Interfaces and Inheritance",
  author =	"Stefan Wehr and Peter Thiemann",
  journal =	"ACM Trans. Program. Lang. Syst",
  year = 	"2011",
  number =	"4",
  volume =	"33",
  pages =	"12",
}

@InProceedings{ReisS06,
  title =	"Specifying {C}++ concepts",
  author =	"Gabriel Dos Reis and Bjarne Stroustrup",
  booktitle =	"POPL",
  booktitle =	"Proceedings of the 33rd {ACM} {SIGPLAN}-{SIGACT}
		 Symposium on Principles of Programming Languages,
		 {POPL} 2006, Charleston, South Carolina, {USA}, January
		 11-13, 2006",
  year = 	"2006",
  editor =	"J. Gregory Morrisett and Simon L. Peyton Jones",
  pages =	"295--308",
}

@InProceedings{MagalhaesDJL10,
  title =	"A generic deriving mechanism for {Haskell}",
  author =	"Jos{\'e} Pedro Magalh{\~a}es and Atze Dijkstra and
		 Johan Jeuring and Andres L{\"o}h",
  booktitle =	"Haskell",
  booktitle =	"Proceedings of the 3rd {ACM} {SIGPLAN} Symposium on
		 Haskell, Haskell 2010, Baltimore, {MD}, {USA}, 30
		 September 2010",
  year = 	"2010",
  editor =	"Jeremy Gibbons",
  pages =	"37--48",
}

@Article{Roy99,
  title =	"Announcing the Mozart Programming System",
  author =	"Peter Van Roy",
  journal =	"SIGPLAN Notices",
  year = 	"1999",
  number =	"4",
  volume =	"34",
  pages =	"33--34",
}

@TechReport{appel93hashconsing,
  author =	"Andrew W. Appel and Marcelo J. R. Gon\c{c}alves",
  title =	"Hash-consing Garbage Collection",
  number =	"CS-TR-412-93",
  address =	"Computer Science Department",
  institution =  "Princeton University",
  year = 	"1993",
}

@Article{TackKS06,
  title =	"Generic Pickling and Minimization",
  author =	"Guido Tack and Leif Kornstaedt and Gert Smolka",
  journal =	"Electr. Notes Theor. Comput. Sci",
  year = 	"2006",
  number =	"2",
  volume =	"148",
  pages =	"79--103",
}

@InCollection{Flanagan93,
  author =  "Cormac Flanagan and Amr Sabry and Bruce F. Duba and
     Matthias Felleisen",
  title = "The Essence of Compiling with Continuations",
  booktitle = "PLDI",
  booktitle = "Proc.\ of ACM SIGPLAN 1993 Conf.\ on Programming
     Language Design and Implementation, PLDI'93,
     Albuquerque, NM, USA, 23--25 June 1993",
  pages = "237--247",
  year =  "1993",
}

@Book{TAPL,
  author =  "Benjamin C. Pierce",
  title = "Types and Programming Languages",
  publisher = "MIT Press",
  address = "Cambridge, MA",
  year =  "2002",
}

@Article{Igarashi2001,
  author =  "Atsushi Igarashi and Benjamin C. Pierce and Philip
     Wadler",
  title = "Featherweight {Java}: a minimal core calculus for
     {Java} and {GJ}",
  journal = "ACM Trans. Program. Lang. Syst",
  volume =  "23",
  number =  "3",
  pages = "396--450",
  month = may,
  year =  "2001",
}

@InProceedings{HallerO10,
  title = "Capabilities for Uniqueness and Borrowing",
  author =  "Philipp Haller and Martin Odersky",
  booktitle = "ECOOP",
  booktitle = "{ECOOP} 2010 - Object-Oriented Programming, 24th
     European Conference, Maribor, Slovenia, June 21-25,
     2010. Proceedings",
  year =  "2010",
  editor =  "Theo D'Hondt",
  pages = "354--378",
}

@InProceedings{StrnisaSP07,
  title = "The {Java} module system: core design and semantic
     definition",
  author =  "Rok Strnisa and Peter Sewell and Matthew J.
     Parkinson",
  booktitle = "OOPSLA",
  booktitle = "Proceedings of the 22nd Annual {ACM} {SIGPLAN}
     Conference on Object-Oriented Programming, Systems,
     Languages, and Applications, {OOPSLA} 2007, October
     21-25, 2007, Montreal, Quebec, Canada",
  year =  "2007",
  pages = "499--514",
}
