@InProceedings{MBrace,
  title =	"{MB}race: {Cloud} computing with monads",
  author =	"Jan Dzik and Nick Palladinos and Konstantinos
		 Rontogiannis and Eirik Tsarpalis and Nikolaos Vathis",
  bibdate =	"2015-06-19",
  bibsource =	"DBLP,
		 http://dblp.uni-trier.de/db/conf/sosp/plos2013.html#DzikPRTV13",
  booktitle =	"PLOS@SOSP",
  booktitle =	"Proceedings of the Seventh Workshop on Programming
		 Languages and Operating Systems, {PLOS} 2013,
		 Farmington, Pennsylvania, {USA}, November 3-6, 2013",
  publisher =	"ACM",
  year = 	"2013",
  editor =	"Tim Harris and Anil Madhavapeddy",
  ISBN = 	"978-1-4503-2460-1",
  pages =	"7:1--7:6",
  URL =  	"http://doi.acm.org/10.1145/2525528",
}

@InProceedings{HallerL16,
  title =	"{LaCasa}: {Lightweight} affinity and object capabilities
		 in {Scala}",
  author =	"Philipp Haller and Alex Loiko",
  bibdate =	"2016-10-25",
  bibsource =	"DBLP,
		 http://dblp.uni-trier.de/db/conf/oopsla/oopsla2016.html#HallerL16",
  booktitle =	"OOPSLA",
  booktitle =	"Proceedings of the 2016 {ACM} {SIGPLAN} International
		 Conference on Object-Oriented Programming, Systems,
		 Languages, and Applications, {OOPSLA} 2016, part of
		 {SPLASH} 2016, Amsterdam, The Netherlands, October 30 -
		 November 4, 2016",
  publisher =	"ACM",
  year = 	"2016",
  editor =	"Eelco Visser and Yannis Smaragdakis",
  ISBN = 	"978-1-4503-4444-9",
  pages =	"272--291",
  URL =  	"http://doi.acm.org/10.1145/2983990",
}

@InProceedings{Ciel,
  title =	"{CIEL}: {A} Universal Execution Engine for Distributed
		 Data-Flow Computing",
  author =	"Derek Gordon Murray and Malte Schwarzkopf and
		 Christopher Smowton and Steven Smith and Anil
		 Madhavapeddy and Steven Hand",
  bibdate =	"2014-05-14",
  bibsource =	"DBLP,
		 http://dblp.uni-trier.de/https://www.usenix.org/conference/nsdi11/ciel-universal-execution-engine-distributed-data-flow-computing;
		 DBLP,
		 http://dblp.uni-trier.de/db/conf/nsdi/nsdi2011.html#MurraySSSMH10",
  booktitle =	"NSDI",
  booktitle =	"Proceedings of the 8th {USENIX} Symposium on Networked
		 Systems Design and Implementation, {NSDI} 2011, Boston,
		 {MA}, {USA}, March 30 - April 1, 2011",
  publisher =	"USENIX Association",
  year = 	"2011",
  editor =	"David G. Andersen and Sylvia Ratnasamy",
}

@InProceedings{Nectar,
  title =	"Nectar: Automatic Management of Data and Computation
		 in Datacenters",
  author =	"Pradeep Kumar Gunda and Lenin Ravindranath and
		 Chandramohan A. Thekkath and Yuan Yu and Li Zhuang",
  bibdate =	"2011-08-27",
  bibsource =	"DBLP,
		 http://dblp.uni-trier.de/db/conf/osdi/osdi2010.html#GundaRTYZ10",
  booktitle =	"OSDI",
  booktitle =	"9th {USENIX} Symposium on Operating Systems Design and
		 Implementation, {OSDI} 2010, October 4-6, 2010,
		 Vancouver, {BC}, Canada, Proceedings",
  publisher =	"USENIX Association",
  year = 	"2010",
  editor =	"Remzi H. Arpaci-Dusseau and Brad Chen",
  ISBN = 	"978-1-931971-79-9",
  pages =	"75--88",
  URL =  	"http://www.usenix.org/event/osdi10/tech/full_papers/osdi10_proceedings.pdf",
}

@InProceedings{YuIFBEGC08,
  title =	"Dryad{LINQ}: {A} System for General-Purpose
		 Distributed Data-Parallel Computing Using a High-Level
		 Language",
  author =	"Yuan Yu and Michael Isard and Dennis Fetterly and
		 Mihai Budiu and {\'U}lfar Erlingsson and Pradeep Kumar
		 Gunda and Jon Currey",
  bibdate =	"2009-01-07",
  bibsource =	"DBLP,
		 http://dblp.uni-trier.de/db/conf/osdi/osdi2008.html#YuIFBEGC08",
  booktitle =	"OSDI",
  booktitle =	"8th {USENIX} Symposium on Operating Systems Design and
		 Implementation, {OSDI} 2008, December 8-10, 2008, San
		 Diego, California, {USA}, Proceedings",
  publisher =	"USENIX Association",
  year = 	"2008",
  editor =	"Richard Draves and Robbert van Renesse",
  ISBN = 	"978-1-931971-65-2",
  pages =	"1--14",
  URL =  	"http://www.usenix.org/events/osdi08/tech/full_papers/yu_y/yu_y.pdf",
}

@Article{milner:92a,
  author =	"R. Milner and J. Parrow and D. Walker",
  title =	"A Calculus of Mobile Processes",
  journal =	"Information and Computation",
  volume =	"100",
  number =	"1",
  pages =	"1--77",
  month =	sep,
  year = 	"1992",
}

@InProceedings{ShapiroPBZ11,
  title =	"Conflict-Free Replicated Data Types",
  author =	"Marc Shapiro and Nuno M. Pregui{\c c}a and Carlos
		 Baquero and Marek Zawirski",
  bibdate =	"2011-10-17",
  bibsource =	"DBLP,
		 http://dblp.uni-trier.de/db/conf/sss/sss2011.html#ShapiroPBZ11",
  booktitle =	"SSS",
  booktitle =	"Stabilization, Safety, and Security of Distributed
		 Systems - 13th International Symposium, {SSS} 2011,
		 Grenoble, France, October 10-12, 2011. Proceedings",
  publisher =	"Springer",
  year = 	"2011",
  volume =	"6976",
  editor =	"Xavier D{\'e}fago and Franck Petit and Vincent
		 Villain",
  ISBN = 	"978-3-642-24549-7",
  pages =	"386--400",
  series =	"Lecture Notes in Computer Science",
  URL =  	"http://dx.doi.org/10.1007/978-3-642-24550-3",
}

@InProceedings{OderskyZ05,
  title =	"Scalable component abstractions",
  author =	"Martin Odersky and Matthias Zenger",
  bibdate =	"2006-02-13",
  bibsource =	"DBLP,
		 http://dblp.uni-trier.de/db/conf/oopsla/oopsla2005.html#OderskyZ05",
  booktitle =	"OOPSLA",
  booktitle =	"Proceedings of the 20th Annual {ACM} {SIGPLAN}
		 Conference on Object-Oriented Programming, Systems,
		 Languages, and Applications, {OOPSLA} 2005, October
		 16-20, 2005, San Diego, {CA}, {USA}",
  publisher =	"ACM",
  year = 	"2005",
  editor =	"Ralph E. Johnson and Richard P. Gabriel",
  ISBN = 	"1-59593-031-0",
  pages =	"41--57",
  URL =  	"http://doi.acm.org/10.1145/1094811.1094815",
}

@InProceedings{Hayashibara04,
  title =	"The {$\Phi$} Accrual Failure Detector",
  author =	"Naohiro Hayashibara and Xavier D{\'e}fago and Rami
		 Yared and Takuya Katayama",
  publisher =	"IEEE Computer Society",
  year = 	"2004",
  booktitle =	"SRDS",
  ISBN = 	"0-7695-2239-4",
  pages =	"66--78",
}

@inproceedings{Uniqueness,
  author    = {Philipp Haller and
               Martin Odersky},
  title     = {Capabilities for Uniqueness and Borrowing},
  booktitle = {{ECOOP} 2010, Maribor, Slovenia, June 21-25, 2010.},
  pages     = {354--378},
  year      = {2010},
}

@inproceedings{Elsman2005,
  author    = {Martin Elsman},
  title     = {Type-specialized serialization with sharing},
  booktitle = {Trends in Functional Programming},
  year      = {2005},
  pages     = {47-62},
}

@article{Kennedy2004,
  author    = {Andrew Kennedy},
  title     = {Pickler combinators},
  journal   = {J. Funct. Program.},
  volume    = {14},
  number    = {6},
  year      = {2004},
  pages     = {727-739},
}

@Book{Odersky10,
  author =  "Martin Odersky and Lex Spoon and Bill Venners",
  title = "Programming in {Scala}",
  publisher = "Artima",
  year =  "2010",
  edition = "Second",
}

@article{Futures,
  title={Futures and promises},
  author={Haller, Philipp and Prokopec, Aleksandar and Miller, Heather and Klang, Viktor and Kuhn, Roland and Jovanovic, Vojin},
  journal={\url{http://docs.scala-lang.org/overviews/core/futures.html}},
  year      = {2012},
}

@article{Lineage2,
  author    = {James Cheney and
               Laura Chiticariu and
               Wang Chiew Tan},
  title     = {Provenance in Databases: Why, How, and Where},
  journal   = {Foundations and Trends in Databases},
  volume    = {1},
  number    = {4},
  pages     = {379--474},
  year      = {2009},
}

@article{Lineage1,
  author    = {Rajendra Bose and
               James Frew},
  title     = {Lineage retrieval for scientific data processing: a survey},
  journal   = {{ACM} Comput. Surv.},
  volume    = {37},
  number    = {1},
  pages     = {1--28},
  year      = {2005},
}

@inproceedings{RiverTrail,
  author    = {Stephan Herhut and
               Richard L. Hudson and
               Tatiana Shpeisman and
               Jaswanth Sreeram},
  title     = {River {Trail}: {A} path to parallelism in {JavaScript}},
  booktitle = {OOPSLA},
  pages     = {729--744},
  year      = {2013},
}

@inproceedings{ParallelClosures,
  author    = {Nicholas D. Matsakis},
  title     = {Parallel Closures: {A} New Twist on an Old Idea},
  booktitle = {HotPar},
  year      = {2012},
}

@inproceedings{TermiteScheme,
  author    = {Guillaume Germain},
  title     = {Concurrency oriented programming in {Termite} {Scheme}},
  booktitle = {Erlang},
  pages     = {20},
  year      = {2006},
}

@misc{Hadoop,
  author = {Apache},
  title = {Hadoop},
  year = {2015},
  howpublished = {\url{http://hadoop.apache.org/}},
}

@misc{Protobuf,
  author = {Google},
  title = {Protocol Buffers},
  year = {2015},
  publisher = {GitHub},
  journal = {GitHub repository},
  howpublished = {\url{https://github.com/google/protobuf/}},
}

@article{Jaguar,
  author    = {Matt Welsh and
               David E. Culler},
  title     = {Jaguar: enabling efficient communication and {I/O} in Java},
  journal   = {Concurrency - Practice and Experience},
  volume    = {12},
  number    = {7},
  pages     = {519--538},
  year      = {2000},
}

@article{MoreEfficientJavaRMI,
  author    = {Michael Philippsen and
               Bernhard Haumacher and
               Christian Nester},
  title     = {More efficient serialization and {RMI} for Java},
  journal   = {Concurrency - Practice and Experience},
  volume    = {12},
  number    = {7},
  pages     = {495--518},
  year      = {2000},
}

@inproceedings{JavaRMI,
  author    = {Jason Maassen and
               Rob van Nieuwpoort and
               Ronald Veldema and
               Henri E. Bal and
               Aske Plaat},
  title     = {An Efficient Implementation of Java's Remote Method Invocation},
  booktitle = {PPoPP},
  pages     = {173--182},
  year      = {1999},
}

@inproceedings{JavaSerialization,
  author    = {Bryan Carpenter and
               Geoffrey Fox and
               Sung Hoon Ko and
               Sang Lim},
  title     = {Object Serialization for Marshalling Data in a Java Interface to {MPI}},
  booktitle = {Java Grande},
  pages     = {66--71},
  year      = {1999},
}

@inproceedings{Pickling,
  author    = {Heather Miller and
               Philipp Haller and
               Eugene Burmako and
               Martin Odersky},
  title     = {Instant pickles: {Generating} object-oriented pickler combinators for
               fast and extensible serialization},
  booktitle = {OOPSLA},
  pages     = {183--202},
  year      = {2013},
}

@misc{Kryo,
  author = {Nathan Sweet},
  title = {Kryo},
  year = {2015},
  publisher = {GitHub},
  journal = {GitHub repository},
  howpublished = {\url{https://github.com/EsotericSoftware/kryo}},
}

@misc{LINQ,
 author = {Microsoft},
 title = {The LINQ project},
 howpublished = {http://msdn.microsoft.com/netframework/
future/linq/}},
}

@misc{Akka,
  author = {Typesafe},
  title = {Akka},
  year = {2015},
  howpublished = {\url{http://akka.io/}},
}

@misc{Avro,
  author = {Apache},
  title = {Avro},
  year = {2015},
  howpublished = {\url{http://avro.apache.org/}},
}

@inproceedings{Tom7,
  author    = {Tom {Murphy VII} and
               Karl Crary and
               Robert Harper},
  title     = {Type-Safe Distributed Programming with {ML5}},
  booktitle = {TGC},
  pages     = {108--123},
  year      = {2007},
}

@inproceedings{Thorn,
  author    = {Bard Bloom and
               John Field and
               Nathaniel Nystrom and
               Johan {\"{O}}stlund and
               Gregor Richards and
               Rok Strnisa and
               Jan Vitek and
               Tobias Wrigstad},
  title     = {Thorn: robust, concurrent, extensible scripting on the {JVM}},
  booktitle = {OOPSLA},
  pages     = {117--136},
  year      = {2009},
}

@inproceedings{ConcurrentHaskell,
 author = {Peyton Jones, Simon and Gordon, Andrew and Finne, Sigbjorn},
 title = {Concurrent {Haskell}},
 booktitle = {POPL},
 year = {1996},
 location = {St. Petersburg Beach, Florida, USA},
 pages = {295--308},
 numpages = {14},
}

@book{TAPL,
  author    = {Benjamin C. Pierce},
  title     = {Types and programming languages},
  publisher = {{MIT} Press},
  year      = {2002},
  isbn      = {978-0-262-16209-8},
  timestamp = {Mon, 19 Jul 4436979 10:10:40 +s},
}

@misc{Kafka,
  author = {LinkedIn},
  title = {Apachke Kafka},
  year = {2015},
  publisher = {GitHub},
  journal = {GitHub repository},
  howpublished = {\url{https://github.com/apache/kafka}},
}

@misc{Scoobi,
  author = {NICTA},
  title = {Scoobi},
  year = {2015},
  publisher = {GitHub},
  journal = {GitHub repository},
  howpublished = {\url{https://github.com/nicta/scoobi}},
}

@misc{Scalding,
  author = {Twitter},
  title = {Scalding},
  year = {2015},
  publisher = {GitHub},
  journal = {GitHub repository},
  howpublished = {\url{https://github.com/twitter/scalding}},
}

@inproceedings{Clojure,
  title={The {Clojure} programming language},
  author={Hickey, Rich},
  booktitle={DLS},
  pages={1},
  year={2008},
  organization={ACM}
}

@phdthesis{ELang,
  title={Robust composition: towards a unified approach to access control and concurrency control},
  author={Miller, Mark Samuel and Shapiro, Jonathan S},
  year={2006},
  school={Johns Hopkins University}
}

@inproceedings{AmbientTalk,
  title={Ambient-oriented programming in ambienttalk},
  author={Dedecker, Jessie and Van Cutsem, Tom and Mostinckx, Stijn and D’Hondt, Theo and De Meuter, Wolfgang},
  booktitle={ECOOP},
  pages={230--254},
  year={2006},
  publisher={Springer}
}

@inproceedings{DistOCaml,
  title={Type-safe distributed programming for {OCaml}},
  author={Billings, John and Sewell, Peter and Shinwell, Mark and Strni{\v{s}}a, Rok},
  booktitle={Proceedings of the 2006 workshop on ML},
  pages={20--31},
  year={2006},
  organization={ACM}
}

@inproceedings{AcuteML,
  title={Acute: {High-level} programming language design for distributed computation},
  author={Sewell, Peter and Leifer, James J and Wansbrough, Keith and Nardelli, Francesco Zappa and Allen-Williams, Mair and Habouzit, Pierre and Vafeiadis, Viktor},
  booktitle={ACM SIGPLAN Notices},
  volume={40},
  pages={15--26},
  year={2005},
  organization={ACM}
}

@article{AliceML,
  title={Alice through the looking glass.},
  author={Rossberg, Andreas and Le Botlan, Didier and Tack, Guido and Brunklaus, Thorsten and Smolka, Gert},
  journal={Trends in Functional Programming},
  volume={5},
  pages={79--96},
  year={2004}
}

@inproceedings{CloudHaskell,
  author    = {Jeff Epstein and
               Andrew P. Black and
               Simon L. Peyton Jones},
  title     = {Towards {Haskell} in the cloud},
  booktitle = {Haskell Symposium},
  pages     = {118--129},
  year      = {2011},
}

@article{ScalaActors,
  title={Scala actors: Unifying thread-based and event-based programming},
  author={Haller, Philipp and Odersky, Martin},
  journal={Theoretical Computer Science},
  volume={410},
  number={2},
  pages={202--220},
  year={2009},
  publisher={Elsevier}
}

@Book{Actors,
  author =	"G. Agha",
  title =	"{ACTORS}: {A} Model of Concurrent Computation in
		 Distributed Systems",
  publisher =	"MIT Press",
  year = 	"1986",
}

@Article{Talcott,
  title =	"A foundation for actor computation",
  author =	"Gul A. Agha and Ian A. Mason and Scott F. Smith and
		 Carolyn L. Talcott",
  pages =	"1--72",
  journal =	"Journal of Functional Programming",
  month =	jan,
  year = 	"1997",
  volume =	"7",
  number =	"1",
}

@inproceedings{TypedActors,
  title={Typecasting actors: {From} {Akka} to {TAkka}},
  author={He, Jiansen and Wadler, Philip and Trinder, Philip},
  booktitle={Scala},
  pages={23--33},
  year={2014},
}

@article{MapReduce,
  author    = {Jeffrey Dean and
               Sanjay Ghemawat},
  title     = {{MapReduce}: {Simplified} data processing on large clusters},
  journal   = {Commun. {ACM}},
  volume    = {51},
  number    = {1},
  pages     = {107--113},
  year      = {2008},
}

@inproceedings{Dryad,
  author    = {Michael Isard and
               Mihai Budiu and
               Yuan Yu and
               Andrew Birrell and
               Dennis Fetterly},
  title     = {Dryad: {Distributed} data-parallel programs from sequential building
               blocks},
  booktitle = {EuroSys},
  pages     = {59--72},
  year      = {2007},
}

@inproceedings{RDD,
  author    = {Matei Zaharia and
               Mosharaf Chowdhury and
               Tathagata Das and
               Ankur Dave and
               Justin Ma and
               Murphy McCauly and
               Michael J. Franklin and
               Scott Shenker and
               Ion Stoica},
  title     = {Resilient Distributed Datasets: {A} Fault-Tolerant Abstraction for
               In-Memory Cluster Computing},
  booktitle = {NSDI},
  pages     = {15--28},
  year      = {2012},
}

@inproceedings{Spark,
 author = {Zaharia, Matei and
           Chowdhury, Mosharaf and
          Franklin, Michael J. and
          Shenker, Scott and
          Stoica, Ion},
 title = {Spark: Cluster Computing with Working Sets},
 booktitle = {Proceedings of the 2nd USENIX Conference on Hot Topics in Cloud Computing},
 series = {HotCloud'10},
 year = {2010},
 location = {Boston, MA},
 pages = {10--10},
 numpages = {1},
 url = {http://dl.acm.org/citation.cfm?id=1863103.1863113},
 acmid = {1863113},
 publisher = {USENIX Association},
 address = {Berkeley, CA, USA},
}

@inproceedings{Spores,
  author    = {Heather Miller and
               Philipp Haller and
               Martin Odersky},
  title     = {Spores: {A} Type-Based Foundation for Closures in the Age of Concurrency
               and Distribution},
  booktitle = {ECOOP},
  pages     = {308--333},
  year      = {2014},
}

@inproceedings{FlumeJava,
  author    = {Craig Chambers and
               Ashish Raniwala and
               Frances Perry and
               Stephen Adams and
               Robert R. Henry and
               Robert Bradshaw and
               Nathan Weizenbaum},
  title     = {{FlumeJava}: {Easy}, efficient data-parallel pipelines},
  booktitle = {PLDI},
  pages     = {363--375},
  year      = {2010},
}

@inproceedings{ANoteDistComp,
  author    = {Jim Waldo and
               Geoff Wyant and
               Ann Wollrath and
               Samuel C. Kendall},
  title     = {A Note on Distributed Computing},
  booktitle = {MOS},
  pages     = {49--64},
  year      = {1996},
}

@inproceedings{SessionTypes,
  author    = {Kohei Honda and
               Vasco Thudichum Vasconcelos and
               Makoto Kubo},
  title     = {Language Primitives and Type Discipline for Structured Communication-Based
               Programming},
  booktitle = {ESOP},
  pages     = {122--138},
  year      = {1998},
}

@article{AwkwardSquad,
  title={Tackling the Awkward Squad: Monadic Input/Output, Concurrency, Exceptions, and Foreign-Language Calls in Haskell},
  author={Jones, Simon Peyton},
  journal={Engineering Theories of Software Construction},
  pages     = {47--96},
  year={2001}
}
