@InProceedings{MurphyML5,
  title = "Type-Safe Distributed Programming with {ML5}",
  author =  "Tom {Murphy VII} and Karl Crary and Robert Harper",
  year =  "2007",
  volume =  "4912",
  booktitle = "TGC",
  pages = "108--123",
  publisher = "Springer",
  URL =   "http://dx.doi.org/10.1007/978-3-540-78663-4_9",
}

@InProceedings{HerhutHSS13,
  title = "River trail: a path to parallelism in {JavaScript}",
  author =  "Stephan Herhut and Richard L. Hudson and Tatiana
     Shpeisman and Jaswanth Sreeram",
  booktitle = "OOPSLA",
  booktitle = "Proceedings of the 2013 {ACM} {SIGPLAN} International
     Conference on Object Oriented Programming Systems
     Languages \& Applications, {OOPSLA} 2013, part of
     {SPLASH} 2013, Indianapolis, {IN}, {USA}, October
     26-31, 2013",
  year =  "2013",
  pages = "729--744",
}

@MISC{Akka,
      AUTHOR = "Typesafe",
      TITLE = "{Akka}",
      HOWPUBLISHED = "\url{http://akka.io/}",
      YEAR = "2009",
}

@article{mystic,
  author    = {Michael M. McKerns and
               Leif Strand and
               Tim Sullivan and
               Alta Fang and
               Michael A. G. Aivazis},
  title     = {Building a Framework for Predictive Science},
  journal   = {CoRR},
  volume    = {abs/1202.1056},
  year      = {2012},
  ee        = {http://arxiv.org/abs/1202.1056},
}

@inproceedings{dill,
  title={Building a Framework for Predictive Science},
  author={Michael M. McKerns and Leif Strand and Tim Sullivan and Alta Fang and Michael A.G. Aivazis},
  booktitle={Proc. of the 10th Python in Science Conf.},
  year={2011},
}

@InProceedings{DelimitedContinuations,
  title = "Implementing first-class polymorphic delimited
     continuations by a type-directed selective
     {CPS}-transform",
  author =  "Tiark Rompf and Ingo Maier and Martin Odersky",
  booktitle = "ICFP",
  booktitle = "Proceeding of the 14th {ACM} {SIGPLAN} international
     conference on Functional programming, {ICFP} 2009,
     Edinburgh, Scotland, {UK}, August 31 - September 2,
     2009",
  publisher = "ACM",
  year =  "2009",
  pages = "317--328",
}

@TECHREPORT{SporesFormally,
  AUTHOR =        "Heather Miller and Philipp Haller",
  TITLE =         "Spores, Formally",
  MONTH =         {December},
  YEAR  =         {2013},
  NUMBER =        {EPFL-REPORT-191240},
  INSTITUTION =   {Department of Computer Science, EPFL},
  ADDRESS =       {Lausanne, Switzerland},
}

@misc{ScalaSpec,
  title={The {Scala} language specification},
  author={Odersky, Martin},
  year={2013}
}

@Book{TAPL,
  title = "Types and programming languages",
  author =  "Benjamin C. Pierce",
  publisher = "MIT Press",
  year =  "2002",
}

@Article{WrightF94,
  title = "A Syntactic Approach to Type Soundness",
  author =  "Andrew K. Wright and Matthias Felleisen",
  journal = "Inf. Comput",
  year =  "1994",
  month = nov,
  number =  "1",
  volume =  "115",
  pages = "38--94",
}

@inproceedings{ScalaPickling,
 author = {Miller, Heather and Haller, Philipp and Burmako, Eugene and Odersky, Martin},
 title = {Instant Pickles: Generating Object-oriented Pickler Combinators for Fast and Extensible Serialization},
 booktitle = {OOPSLA},
 year = {2013},
 location = {Indianapolis, Indiana, USA},
 pages = {183--202},
 numpages = {20},
}

@article{CnC,
  title={Concurrent collections},
  author={Budimli{\'c}, Zoran and Burke, Michael and Cav{\'e}, Vincent and Knobe, Kathleen and Lowney, Geoff and Newton, Ryan and Palsberg, Jens and Peixotto, David and Sarkar, Vivek and Schlimbach, Frank and others},
  journal={Scientific Programming},
  volume={18},
  number={3},
  year={2010},
  publisher={IOS Press}
}

@inproceedings{HaskellPar,
 author = {Marlow, Simon and Newton, Ryan and Peyton Jones, Simon},
 title = {A Monad for Deterministic Parallelism},
 booktitle = {Proc. Haskell Symposium},
 year = {2011},
 location = {Tokyo, Japan},
 pages = {71--82},
 numpages = {12},
 publisher = {ACM},
}

@misc{JavaLambdaTranslation,
author = {Brian Goetz},
title = {Translation of Lambda Expressions},
type = {Article},
number = {April},
year = {2012},
howpublished = {\url{http://cr.openjdk.java.net/~briangoetz/lambda/lambda-translation.html}}
}

@InProceedings{CloudTypes,
  title = "Cloud Types for Eventual Consistency",
  author =  "Sebastian Burckhardt and Manuel F{\"a}hndrich and Daan
     Leijen and Benjamin P. Wood",
  booktitle = "ECOOP",
  publisher = "Springer",
  year =  "2012",
  volume =  "7313",
  pages = "283--307",
}

@InProceedings{FlowPools,
  title = "FlowPools: {A} Lock-Free Deterministic Concurrent
     Dataflow Abstraction",
  author =  "Aleksandar Prokopec and Heather Miller and Tobias
     Schlatter and Philipp Haller and Martin Odersky",
  publisher = "Springer",
  year =  "2012",
  booktitle = "LCPC",
  pages = "158--173",
}

@InProceedings{ScalaParColls,
  title = "A Generic Parallel Collection Framework",
  author =  "Aleksandar Prokopec and Phil Bagwell and Tiark Rompf
     and Martin Odersky",
  booktitle = "Euro-Par",
  location = {Bordeaux, France},
  publisher = "Springer",
  year =  "2011",
  volume =  "6853",
  pages = "136--147",
}

@inproceedings{Meijer,
 author = {Meijer, Erik},
 title = {Confessions of a Used Programming Language Salesman},
 booktitle = {OOPSLA},
 year = {2007},
 location = {Montreal, Quebec, Canada},
 numpages = {18},
}

@InProceedings{HDPH,
  title = "Implementing a High-Level Distributed-Memory Parallel
     {Haskell} in {Haskell}",
  author =  "Patrick Maier and Philip W. Trinder",
  publisher = "Springer",
  year =  "2011",
  volume =  "7257",
  booktitle = "IFL",
  ISBN =  "978-3-642-34406-0",
  pages = "35--50",
}


@article{JavaSAM,
author = {Marco Bellia and M. Eugenia Occhiuto},
title = {Java SAM Typed Closures: A Sound and Complete Type Inference System for Nominal Types},
journal = {Fundamenta Informaticae},
volume = {128},
issue = {1-2},
month = {11},
year = {2013},
pages = {17--33},
}

@inproceedings{DPJ,
 author = {Bocchino,Jr., Robert L. and Adve, Vikram S. and Dig, Danny and Adve, Sarita V. and Heumann, Stephen and Komuravelli, Rakesh and Overbey, Jeffrey and Simmons, Patrick and Sung, Hyojin and Vakilian, Mohsen},
 title = {A Type and Effect System for Deterministic Parallel Java},
 booktitle = {OOPSLA},
 year = {2009},
 location = {Orlando, Florida, USA},
 pages = {97--116},
 numpages = {20},
 publisher = {ACM},
 address = {New York, NY, USA},
}

@TECHREPORT{Nova,
  AUTHOR =        {Alex Collins and Dominik Grewe and Vinod Grover and Sean Lee and Adriana Susnea},
  TITLE =         {{NOVA}: A Functional Language for Data Parallelism},
  NUMBER =        {NVR-2013-002},
  INSTITUTION =   {NVIDIA Corporation},
  MONTH =         {July},
  YEAR  =         {2013},
}

@inproceedings{DataParallelHaskell,
 author = {Chakravarty, Manuel M. T. and Leshchinskiy, Roman and Peyton Jones, Simon and Keller, Gabriele and Marlow, Simon},
 title = {{Data Parallel Haskell}: A Status Report},
 booktitle = {Proc. DAMP Workshop},
 booktitle = {Proc. Workshop on Declarative Aspects of Multicore Programming},
 year = {2007},
 pages = {10--18},
 numpages = {9},
 publisher = {ACM},
}

@article{Eden,
author = {Loogen,Rita and Ortega-Mallen,Yolanda and Pena-Mari,Ricardo},
title = {Parallel functional programming in Eden},
journal = {Journal of Functional Programming},
volume = {15},
issue = {03},
month = {5},
year = {2005},
issn = {1469-7653},
pages = {431--475},
numpages = {45},
}


@article{MapReduce,
 author = {Dean, Jeffrey and Ghemawat, Sanjay},
 title = {MapReduce: Simplified Data Processing on Large Clusters},
 journal = {Commun. ACM},
 issue_date = {January 2008},
 volume = {51},
 number = {1},
 month = jan,
 year = {2008},
 pages = {107--113},
 numpages = {7},
 publisher = {ACM},
 address = {New York, NY, USA},
}

@misc{PythonPickle,
 author = {Matthew Rocklin},
 title = {Parallelism and Serialization: how poor pickling breaks multiprocessing},
 year = {2013},
 howpublished = {\url{http://matthewrocklin.com/blog/work/2013/12/05/Parallelism-and-Serialization/}}
}

@MastersThesis{DFPS,
  title = "Distributed functional programming in {Scheme}",
  author =  "Alex Schwendner",
  publisher = "Massachusetts Institute of Technology",
  year =  "2009",
  school =  "Massachusetts Institute of Technology",
  subject = "Electrical Engineering and Computer Science.",
}

@InProceedings{Termite,
  title = "Concurrency oriented programming in {Termite Scheme}",
  author =  "Guillaume Germain",
  booktitle = "Erlang Workshop",
  booktitle = "Proceedings of the 2006 {ACM} {SIGPLAN} Workshop on
     Erlang, Portland, Oregon, {USA}, September 16, 2006",
  publisher = "ACM",
  year =  "2006",
  pages = "20",
}

@InProceedings{ProkopecBRO11,
  title = "A Generic Parallel Collection Framework",
  author =  "Aleksandar Prokopec and Phil Bagwell and Tiark Rompf
     and Martin Odersky",
  booktitle = "Euro-Par (2)",
  booktitle = "Euro-Par 2011 Parallel Processing - 17th International
     Conference, Euro-Par 2011, Bordeaux, France, August 29
     - September 2, 2011, Proceedings, Part {II}",
  publisher = "Springer",
  year =  "2011",
  volume =  "6853",
  pages = "136--147",
  series =  "Lecture Notes in Computer Science",
}

@article{bellia2013java,
  title={Java SAM Typed Closures: A Sound and Complete Type Inference System for Nominal Types},
  author={Bellia, Marco and Occhiuto, M Eugenia},
  journal={Fundamenta Informaticae},
  volume={128},
  number={1},
  pages={17--33},
  year={2013},
  publisher={IOS Press}
}

@InProceedings{LewisLMS00,
  title = "Implicit Parameters: Dynamic Scoping with Static
     Types",
  author =  "Jeffrey R. Lewis and John Launchbury and Erik Meijer
     and Mark Shields",
  booktitle = "POPL",
  booktitle = "{POPL} 2000, Proceedings of the 27th {ACM}
     {SIGPLAN}-{SIGACT} Symposium on Principles of
     Programming Languages, Boston, Massachusetts, {USA},
     January 19-21, 2000",
  year =  "2000",
  pages = "108--118",
}

@misc{JavaLambdas,
 author = {Brian Goetz},
 title = {{JSR} 335: Lambda Expressions for the {Java} Programming Language},
 year = {2013},
 howpublished = {\url{https://jcp.org/en/jsr/detail?id=335}}
}

@book{CplusplusLambas,
 author = {{International Standard ISO/IEC 14882:2011}},
 title = {Programming Languages – C++},
 year = {2011},
 publisher = {International Organization for Standards},
}

@inproceedings{ICSEMOOC,
  title = "Functional Programming For All! {Scaling} a {MOOC} for Students and Professionals Alike",
  author =  "Heather Miller and Philipp Haller and Lukas Rytz and Martin Odersky",
  year =  "2014",
  booktitle = {ICSE},
  pages = "265--263",
  location = {Hyderabad, India},
}

@inproceedings{PLAdoption,
 author = {Meyerovich, Leo A. and Rabkin, Ariel S.},
 title = {Empirical Analysis of Programming Language Adoption},
 booktitle = {OOPSLA},
 year = {2013},
 location = {Indianapolis, Indiana, USA},
}

@book{JavaRMI,
 author = {Pitt, Esmond and McNiff, Kathy},
 title = {Java.Rmi: The Remote Method Invocation Guide},
 year = {2001},
 isbn = {0201700433},
 publisher = {Addison-Wesley Longman Publishing Co., Inc.},
 address = {Boston, MA, USA},
}

@InProceedings{Oliveira2010,
  title = "Type classes as objects and implicits",
  author =  "Bruno C. d. S. Oliveira and Adriaan Moors and Martin Odersky",
  booktitle = "OOPSLA",
  year =  "2010",
  pages = "341--360",
}

@Article{WehrT11,
  title = "Java{GI}: The Interaction of Type Classes with
     Interfaces and Inheritance",
  author =  "Stefan Wehr and Peter Thiemann",
  journal = "ACM Trans. Program. Lang. Syst",
  year =  "2011",
  number =  "4",
  volume =  "33",
  pages = "12",
}

@InProceedings{Spark,
  title = "Resilient Distributed Datasets: A Fault-Tolerant Abstraction for In-Memory Cluster Computing",
  author =  "Matei Zaharia and Mosharaf Chowdhury and Tathagata Das and Ankur Dave and Murphy McCauley and Michael Franklin and Scott Shenker and Ion Stoica",
  booktitle = "NSDI",
  publisher = "USENIX",
  year =  "2012",
}

@inproceedings{Clojure,
 author = {Hickey, Rich},
 title = {The Clojure Programming Language},
 booktitle = {Proceedings of the 2008 Symposium on Dynamic Languages},
 series = {DLS '08},
 year = {2008},
 isbn = {978-1-60558-270-2},
 location = {Paphos, Cyprus},
 articleno = {1},
 publisher = {ACM},
 address = {New York, NY, USA},
}


@misc{RustFunctions,
author = {Matsakis, Niko},
title = {Fn Types in {Rust}, Take 3},
journal = {Baby Steps},
type = {Blog},
number = {October 10},
year = {2013},
howpublished = {\url{http://smallcultfollowing.com/babysteps/blog/2013/10/10/fn-types-in-rust}}
}

@inproceedings{ParallelClosures,
 author = {Matsakis, Nicholas D.},
 title = {Parallel closures: a new twist on an old idea},
 booktitle = {HotPar},
 year = {2012},
 publisher = {USENIX},
}

@inproceedings{CloudHaskell,
 author = {Epstein, Jeff and Black, Andrew P. and Peyton-Jones, Simon},
 title = {Towards {Haskell} in the Cloud},
 booktitle = {Proc. Haskell Symposium},
 year = {2011},
 location = {Tokyo, Japan},
 pages = {118--129},
 numpages = {12},
 publisher = {ACM},
}

@incollection{ActiveObjects,
 author = {Lavender, R. Greg and Schmidt, Douglas C.},
 chapter = {Active Object: An Object Behavioral Pattern for Concurrent Programming},
 title = {Pattern Languages of Program Design 2},
 editor = {Vlissides, John M. and Coplien, James O. and Kerth, Norman L.},
 year = {1996},
 pages = {483--499},
 numpages = {17},
 publisher = {Addison-Wesley Longman Publishing Co., Inc.},
 address = {Boston, MA, USA},
}

@inproceedings{MulticoreClojureCaseStudy,
 author = {Kraus, Johann M. and Kestler, Hans A.},
 title = {Multi-core Parallelization in Clojure: A Case Study},
 booktitle = {Proceedings of the 6th European Lisp Workshop},
 series = {ELW '09},
 year = {2009},
 isbn = {978-1-60558-539-0},
 location = {Genova, Italy},
 pages = {8--17},
 numpages = {10},
 url = {http://doi.acm.org/10.1145/1562868.1562870},
 doi = {10.1145/1562868.1562870},
 acmid = {1562870},
 publisher = {ACM},
 address = {New York, NY, USA},
 keywords = {ACM proceedings, Lisp, clustering, parallel programming},
}

@InProceedings{ZibinPLAE10,
  title = "Ownership and immutability in generic Java",
  author =  "Yoav Zibin and Alex Potanin and Paley Li and Mahmood
     Ali and Michael D. Ernst",
  booktitle = "OOPSLA",
  booktitle = "Proceedings of the 25th Annual {ACM} {SIGPLAN}
     Conference on Object-Oriented Programming, Systems,
     Languages, and Applications, {OOPSLA} 2010, October
     17-21, 2010, Reno/Tahoe, Nevada, {USA}",
  publisher = "ACM",
  year =  "2010",
  pages = "598--617",
}
