@InProceedings{CloudHaskell,
  title = "Towards Haskell in the cloud",
  author =  "Jeff Epstein and Andrew P. Black and Simon L. Peyton Jones",
  booktitle = "Proceedings of the 4th {ACM} {SIGPLAN} Symposium on
     Haskell, Haskell 2011, Tokyo, Japan, 22 September
     2011",
  publisher = "ACM",
  year =  "2011",
  pages = "118--129",
}

@inproceedings{SafeFutures,
 author = {Welc, Adam and Jagannathan, Suresh and Hosking, Antony},
 title = {Safe futures for Java},
 booktitle = {Proceedings of the 20th annual ACM SIGPLAN conference on Object-oriented programming, systems, languages, and applications},
 series = {OOPSLA '05},
 year = {2005},
 isbn = {1-59593-031-0},
 location = {San Diego, CA, USA},
 pages = {439--453},
 numpages = {15},
 url = {http://doi.acm.org/10.1145/1094811.1094845},
 doi = {10.1145/1094811.1094845},
 acmid = {1094845},
 publisher = {ACM},
 address = {New York, NY, USA},
 keywords = {Java, concurrency, futures, safety},
}

@article{AnalysisSafeFutures,
 author = {Navabi, Armand and Zhang, Xiangyu and Jagannathan, Suresh},
 title = {Dependence analysis for safe futures},
 journal = {Sci. Comput. Program.},
 issue_date = {June, 2012},
 volume = {77},
 number = {6},
 month = jun,
 year = {2012},
 issn = {0167-6423},
 pages = {707--726},
 numpages = {20},
 url = {http://dx.doi.org/10.1016/j.scico.2010.09.002},
 doi = {10.1016/j.scico.2010.09.002},
 acmid = {2170088},
 publisher = {Elsevier North-Holland, Inc.},
 address = {Amsterdam, The Netherlands, The Netherlands},
 keywords = {Concurrent programming, Exception handling, Parallel programming, Safe futures},
}

@inproceedings{ParallelClosures,
 author = {Matsakis, Nicholas D.},
 title = {Parallel closures: a new twist on an old idea},
 booktitle = {Proceedings of the 4th USENIX conference on Hot Topics in Parallelism},
 series = {HotPar'12},
 year = {2012},
 location = {Berkeley, CA},
 pages = {5--5},
 numpages = {1},
 url = {http://dl.acm.org/citation.cfm?id=2342788.2342793},
 acmid = {2342793},
 publisher = {USENIX Association},
 address = {Berkeley, CA, USA},
}
