@article{Kennedy2004,
  author    = {Andrew Kennedy},
  title     = {Pickler combinators},
  journal   = {J. Funct. Program.},
  volume    = {14},
  number    = {6},
  year      = {2004},
  pages     = {727-739},
}

@inproceedings{Elsman2005,
  author    = {Martin Elsman},
  title     = {Type-specialized serialization with sharing},
  booktitle = {Trends in Functional Programming},
  year      = {2005},
  pages     = {47-62},
}

@article{Tack2006,
  author    = {Guido Tack and Leif Kornstaedt and Gert Smolka},
  title     = {Generic Pickling and Minimization},
  journal   = {Electr. Notes Theor. Comput. Sci.},
  volume    = {148},
  number    = {2},
  year      = {2006},
  pages     = {79-103},
}