% acmtr.bib
% $Header: acmtr.bib,v 1.3 96/01/30 14:27:43 boyland Exp $

@preamble{ " \newcommand{\noop}[1]{} " } % a do-nothing command that serves a purpose

@misc{Girlscouts,
  author = {Girl Scouts of America},
  title = "Generation STEM: What Girls Say About Science, Technology, Engineering, and Math",
  howpublished = "\url{https://www.girlscouts.org/research/pdf/generation_stem_full_report.pdf}",
  year = {2012},
}